<record><leader>00000cas a2200000 a 4500</leader><controlfield tag="001">40192878</controlfield><controlfield tag="008">981029d196619uucauwr ne      0    0eng c</controlfield><datafield ind1=" " ind2=" " tag="010"><subfield code="a">sn 98061503 </subfield></datafield><datafield ind1=" " ind2=" " tag="040"><subfield code="a">CNK</subfield><subfield code="b">eng</subfield><subfield code="c">CNK</subfield><subfield code="d">CNK</subfield><subfield code="d">OCLCQ</subfield><subfield code="d">OCLCF</subfield><subfield code="d">OCLCO</subfield></datafield><datafield ind1=" " ind2=" " tag="042"><subfield code="a">pcc</subfield></datafield><datafield ind1=" " ind2=" " tag="043"><subfield code="a">n-us-ca</subfield></datafield><datafield ind1="0" ind2="0" tag="245"><subfield code="a">Southeast Norwalk news.</subfield></datafield><datafield ind1="1" ind2=" " tag="246"><subfield code="i">Occasionally published as:</subfield><subfield code="a">Norwalk news</subfield><subfield code="f">Jan. 30-Oct. 23, 1968</subfield></datafield><datafield ind1="1" ind2="3" tag="246"><subfield code="a">Southeast news and Downey champion</subfield><subfield code="f">Oct. 12, 1966-Apr. 24, 1968</subfield></datafield><datafield ind1="1" ind2="7" tag="246"><subfield code="a">Norwalk southeast news</subfield></datafield><datafield ind1=" " ind2=" " tag="260"><subfield code="a">Norwalk, Calif. :</subfield><subfield code="b">[s.n.]</subfield></datafield><datafield ind1=" " ind2=" " tag="300"><subfield code="a">v.</subfield></datafield><datafield ind1=" " ind2=" " tag="310"><subfield code="a">Weekly,</subfield><subfield code="b">Dec. 27, 1967-&lt;Dec. 31, 1975&gt;</subfield></datafield><datafield ind1=" " ind2=" " tag="321"><subfield code="a">Semiweekly,</subfield><subfield code="b">Jan. 12, 1966-Dec. 20, 1967</subfield></datafield><datafield ind1="0" ind2=" " tag="362"><subfield code="a">Vol. 1, no. 1 (Jan. 12, 1966)-</subfield></datafield><datafield ind1=" " ind2=" " tag="500"><subfield code="a">"Southeast" appears in small print above "Norwalk News," Jan. 12, 1966-&lt;Dec. 31, 1975&gt;</subfield></datafield><datafield ind1=" " ind2=" " tag="500"><subfield code="a">"Serving Pico Rivera Santa Fe Springs."</subfield></datafield><datafield ind1=" " ind2=" " tag="515"><subfield code="a">Numbering is irregular; numbering designation changed from v. 3, no. 18 (May 15, 1969) to v. 24, no. 29 (May 21, 1969).</subfield></datafield><datafield ind1=" " ind2=" " tag="530"><subfield code="a">Master negatives are available for duplication from:</subfield><subfield code="b">California Newspaper Microfilm Archive;</subfield><subfield code="c">positive copies may be purchased by the reel; for further information consult the CNMA at:</subfield><subfield code="u">http://cbsr.ucr.edu</subfield></datafield><datafield ind1=" " ind2="0" tag="651"><subfield code="a">Norwalk (Calif.)</subfield><subfield code="v">Newspapers.</subfield></datafield><datafield ind1=" " ind2="0" tag="651"><subfield code="a">Pico Rivera (Calif.)</subfield><subfield code="v">Newspapers.</subfield></datafield><datafield ind1=" " ind2="0" tag="651"><subfield code="a">Santa Fe Springs (Calif.)</subfield><subfield code="v">Newspapers.</subfield></datafield><datafield ind1=" " ind2="7" tag="655"><subfield code="a">Newspapers.</subfield><subfield code="2">fast</subfield><subfield code="0">(OCoLC)fst01423814</subfield></datafield><datafield ind1=" " ind2="7" tag="651"><subfield code="a">California</subfield><subfield code="z">Norwalk.</subfield><subfield code="2">fast</subfield><subfield code="0">(OCoLC)fst01222720</subfield></datafield><datafield ind1=" " ind2="7" tag="651"><subfield code="a">California</subfield><subfield code="z">Pico Rivera.</subfield><subfield code="2">fast</subfield><subfield code="0">(OCoLC)fst01219041</subfield></datafield><datafield ind1=" " ind2="7" tag="651"><subfield code="a">California</subfield><subfield code="z">Santa Fe Springs.</subfield><subfield code="2">fast</subfield><subfield code="0">(OCoLC)fst01218724</subfield></datafield><datafield ind1=" " ind2=" " tag="752"><subfield code="a">United States</subfield><subfield code="b">California</subfield><subfield code="c">Los Angeles</subfield><subfield code="d">Norwalk.</subfield></datafield><datafield ind1="0" ind2=" " tag="775"><subfield code="t">Southeast community news</subfield><subfield code="w">(DLC)sn 98061504</subfield></datafield></record>